<?xml version='1.0' encoding='utf-8'?>
<record xmlns="http://www.loc.gov/MARC21/slim" xmlns:xsi="http://www.w3.org/2001/XMLSchema-instance">
  <leader>^^^^^npcaa22002531?^4500</leader>
  <controlfield tag="001">002740192</controlfield>
  <controlfield tag="005">20040311000000.0</controlfield>
  <controlfield tag="008">940131i18561895miu^^^^^|^^^^^^^^^^^eng^|</controlfield>
  <datafield tag="035" ind1=" " ind2=" ">
    <subfield code="a">(RLIN)MIUV85-A1901</subfield>
  </datafield>
  <datafield tag="035" ind1=" " ind2=" ">
    <subfield code="a">(OCoLC)ocm34420212</subfield>
  </datafield>
  <datafield tag="040" ind1=" " ind2=" ">
    <subfield code="a">MiU-H</subfield>
    <subfield code="c">MiU-H</subfield>
    <subfield code="e">appm</subfield>
  </datafield>
  <datafield tag="100" ind1="1" ind2=" ">
    <subfield code="a">Millard, Alfred L.,</subfield>
    <subfield code="d">1814-1900.</subfield>
  </datafield>
  <datafield tag="245" ind1="0" ind2="0">
    <subfield code="a">Alfred L. Millard business records,</subfield>
    <subfield code="f">1856-1895.</subfield>
  </datafield>
  <datafield tag="300" ind1=" " ind2=" ">
    <subfield code="a">4 v. (1 box).</subfield>
  </datafield>
  <datafield tag="545" ind1=" " ind2=" ">
    <subfield code="a">Attorney and local official at Adrian, Michigan.</subfield>
  </datafield>
  <datafield tag="520" ind1=" " ind2=" ">
    <subfield code="a">Two law registers, 1856-1875 and 1873-1895, and account book and ledger.</subfield>
  </datafield>
  <datafield tag="500" ind1=" " ind2=" ">
    <subfield code="a">Donor: 846</subfield>
  </datafield>
  <datafield tag="651" ind1=" " ind2="0">
    <subfield code="a">Adrian (Mich.)</subfield>
  </datafield>
  <datafield tag="650" ind1=" " ind2="0">
    <subfield code="a">Business records.</subfield>
  </datafield>
  <datafield tag="650" ind1=" " ind2="0">
    <subfield code="a">Lawyers</subfield>
    <subfield code="z">Michigan</subfield>
    <subfield code="z">Adrian.</subfield>
  </datafield>
  <datafield tag="852" ind1="8" ind2=" ">
    <subfield code="a">MiU-H</subfield>
    <subfield code="b">BENT</subfield>
    <subfield code="h">851901 Aa 2</subfield>
  </datafield>
  <datafield tag="998" ind1=" " ind2=" ">
    <subfield code="s">9554</subfield>
  </datafield>
  <datafield tag="955" ind1=" " ind2=" ">
    <subfield code="b">BENT</subfield>
    <subfield code="p">B1055179</subfield>
  </datafield>
</record>
